<?xml version="1.0" encoding="utf-8"?>
<record xmlns="http://www.loc.gov/MARC21/slim" xmlns:xsi="http://www.w3.org/2001/XMLSchema-instance" xsi:schemaLocation="http://www.loc.gov/MARC21/slim http://www.loc.gov/standards/marcxml/schema/MARC21slim.xsd">
	<leader>     nam a22     Mi 4500</leader>
	<controlfield tag="001">240239</controlfield>
	<controlfield tag="003">NjP</controlfield>
	<controlfield tag="006">m        d        </controlfield>
	<controlfield tag="007">cr cn |||m|||a</controlfield>
	<controlfield tag="008">200327s1983    ir h    o     001 0 ara d</controlfield>
	<datafield ind1=" " ind2=" " tag="040">
		<subfield code="a">ZYU</subfield>
		<subfield code="b">ara</subfield>
		<subfield code="e">rda</subfield>
		<subfield code="c">ZYU</subfield>
	</datafield>
	<datafield ind1=" " ind2="4" tag="050">
		<subfield code="a">BP136.48</subfield>
		<subfield code="b">.K48 1983</subfield>
	</datafield>
	<datafield ind1="1" ind2=" " tag="100">
		<subfield code="6">880-01</subfield>
		<subfield code="a">Khūʼī, Abū al-Qāsim ibn ʻAlī Akbar,</subfield>
		<subfield code="d">1899-</subfield>
	</datafield>
	<datafield ind1="1" ind2="0" tag="245">
		<subfield code="a">Muʻjam rijāl al-ḥadīth :</subfield>
		<subfield code="b">wa-tafṣīl ṭabaqāt al-ruwāh /</subfield>
		<subfield code="c">li-Abī al-Qāsim al-Mūsawī al-Khūʼī.</subfield>
	</datafield>
	<datafield ind1=" " ind2=" " tag="250">
		<subfield code="a">al-Ṭabʻah 3.</subfield>
	</datafield>
	<datafield ind1=" " ind2=" " tag="260">
		<subfield code="a">Qum, Īrān :</subfield>
		<subfield code="b">Madīnat al-ʻIlm,</subfield>
		<subfield code="c">1983.</subfield>
	</datafield>
	<datafield ind1=" " ind2=" " tag="300">
		<subfield code="a">online resource (23 volumes) :</subfield>
		<subfield code="b">facsimile</subfield>
	</datafield>
	<datafield ind1=" " ind2=" " tag="336">
		<subfield code="a">text</subfield>
		<subfield code="2">rdacontent</subfield>
	</datafield>
	<datafield ind1=" " ind2=" " tag="337">
		<subfield code="a">computer</subfield>
		<subfield code="2">rdamedia</subfield>
	</datafield>
	<datafield ind1=" " ind2=" " tag="338">
		<subfield code="a">online resource</subfield>
		<subfield code="2">rdacarrier</subfield>
	</datafield>
	<datafield ind1=" " ind2=" " tag="500">
		<subfield code="a">&quot;Manshūrāt Madīnat al-ʻIlm, Āyat Allāh al-ʻUẓmá al-Khūʼī; 1.&quot;</subfield>
	</datafield>
	<datafield ind1=" " ind2=" " tag="500">
		<subfield code="a">&quot;Ṭubiʻat al-ṭabʻah al-thālithah fī Bayrūt, Lubnān.&quot;</subfield>
	</datafield>
	<datafield ind1=" " ind2=" " tag="500">
		<subfield code="a">Includes indexes.</subfield>
	</datafield>
	<datafield ind1=" " ind2=" " tag="500">
		<subfield code="a">Part of the Arabic Collections Online (ACO) project, contributed by Princeton University Libraries.</subfield>
	</datafield>
	<datafield ind1=" " ind2=" " tag="533">
		<subfield code="a">Electronic reproduction.</subfield>
		<subfield code="b">New York, N.Y. :</subfield>
		<subfield code="c">New York University,</subfield>
		<subfield code="d">2020.</subfield>
		<subfield code="5">NNU</subfield>
	</datafield>
	<datafield ind1=" " ind2="0" tag="650">
		<subfield code="a">Hadith</subfield>
		<subfield code="x">Authorities.</subfield>
	</datafield>
	<datafield ind1=" " ind2="7" tag="650">
		<subfield code="a">Hadith</subfield>
		<subfield code="x">Authorities.</subfield>
		<subfield code="2">fast</subfield>
		<subfield code="0">(OCoLC)fst00950115</subfield>
	</datafield>
	<datafield ind1="2" ind2=" " tag="710">
		<subfield code="a">Princeton University.</subfield>
		<subfield code="b">Library.</subfield>
	</datafield>
	<datafield ind1="0" ind2=" " tag="730">
		<subfield code="a">Arabic Collections Online.</subfield>
	</datafield>
	<datafield ind1="0" ind2="8" tag="776">
		<subfield code="i">Print version:</subfield>
		<subfield code="a">Khūʼī, Abū al-Qāsim ibn ʻAlī Akbar, 1899-</subfield>
		<subfield code="t">Muʻjam rijāl al-ḥadīth</subfield>
		<subfield code="w">(NjP)240239</subfield>
		<subfield code="w">(OCoLC)16105967</subfield>
	</datafield>
	<datafield ind1="4" ind2="0" tag="856">
		<subfield code="u">http://hdl.handle.net/2333.1/7h44j9nf</subfield>
	</datafield>
	<datafield ind1="1" ind2=" " tag="880">
		<subfield code="6">100-01</subfield>
		<subfield code="a">خوئي، ابو القاسم بن علي أكبر.</subfield>
	</datafield>
	<datafield ind1="1" ind2="0" tag="880">
		<subfield code="6">245-00</subfield>
		<subfield code="a">معجم رجال الحديث وتفصيل طبقات الرواة /</subfield>
		<subfield code="c">لابي القاسم الموسوي الخوئي.</subfield>
	</datafield>
	<datafield ind1=" " ind2=" " tag="880">
		<subfield code="6">250-00</subfield>
		<subfield code="a">الطبعة ٣.</subfield>
	</datafield>
	<datafield ind1=" " ind2=" " tag="880">
		<subfield code="6">260-00</subfield>
		<subfield code="a">قم :</subfield>
		<subfield code="b">مدينة العلم - آية الله العظمى الخوئي،</subfield>
		<subfield code="c">١٤٠٣</subfield>
		<subfield code="e">(بيروت :</subfield>
		<subfield code="f">دار الزهراء)</subfield>
	</datafield>
	<datafield ind1="1" ind2=" " tag="880">
		<subfield code="6">490-00</subfield>
		<subfield code="a">منشورات مدينة العلم - آية الله العظمى الخوئي ؛</subfield>
		<subfield code="v">١</subfield>
	</datafield>
	<datafield ind1=" " ind2="0" tag="880">
		<subfield code="6">830-00</subfield>
		<subfield code="a">منشورات مدينة العلم - آية الله العظمى الخوئي ؛ ;</subfield>
		<subfield code="v">١.</subfield>
	</datafield>
	<datafield ind1=" " ind2=" " tag="959">
		<subfield code="a">NNU</subfield>
		<subfield code="b">WEB</subfield>
		<subfield code="c">GENI</subfield>
		<subfield code="t">0</subfield>
		<subfield code="m">Electronic access</subfield>
		<subfield code="s">01</subfield>
	</datafield>
	<datafield ind1=" " ind2=" " tag="999">
		<subfield code="i">NjP_240239</subfield>
		<subfield code="o">(OCoLC)ocm16105967 </subfield>
		<subfield code="s">princeton_aco003862:juz 1</subfield>
		<subfield code="s">princeton_aco003863:juz 2</subfield>
		<subfield code="s">princeton_aco003856:juz 3</subfield>
		<subfield code="s">princeton_aco003857:juz 4</subfield>
		<subfield code="s">princeton_aco003858:juz 5</subfield>
		<subfield code="s">princeton_aco003870:juz 6</subfield>
		<subfield code="s">princeton_aco003859:juz 7</subfield>
		<subfield code="s">princeton_aco003860:juz 8</subfield>
		<subfield code="s">princeton_aco003861:juz 9</subfield>
		<subfield code="s">princeton_aco003872:juz 10</subfield>
		<subfield code="s">princeton_aco003871:juz 11</subfield>
		<subfield code="s">princeton_aco003864:juz 12</subfield>
		<subfield code="s">princeton_aco003866:juz 13</subfield>
		<subfield code="s">princeton_aco003867:juz 14</subfield>
		<subfield code="s">princeton_aco003868:juz 15</subfield>
		<subfield code="s">princeton_aco003869:juz 16</subfield>
		<subfield code="s">princeton_aco003879:juz 18</subfield>
		<subfield code="s">princeton_aco003880:juz 19</subfield>
		<subfield code="s">princeton_aco003881:juz 20</subfield>
		<subfield code="s">princeton_aco003882:juz 21</subfield>
		<subfield code="s">princeton_aco003883:juz 22</subfield>
		<subfield code="s">princeton_aco003884:juz 23</subfield>
		<subfield code="e">(ERROR-880)</subfield>
	</datafield>
</record>
